
@book{marwedel2021embedded,
    title={Embedded system design: embedded systems foundations of cyber-physical systems, and the internet of things},
    author={Marwedel, Peter},
    year={2021},
    publisher={Springer Nature}
}

@article{buttazzo2006,
    author = {Buttazzo, Giorgio},
    title = {Research trends in real-time computing for embedded systems},
    year = {2006},
    issue_date = {July 2006},
    publisher = {Association for Computing Machinery},
    address = {New York, NY, USA},
    volume = {3},
    number = {3},
    url = {https://doi.org/10.1145/1164050.1164052},
    doi = {10.1145/1164050.1164052},
    journal = {SIGBED Rev.},
    month = jul,
    pages = {1–10},
    numpages = {10}
}
 

@misc{marlinfwm2025,
    author = {Marlin Community},
    title = {Marlin Firmware},
    year = {2025},
    howpublished = {https://marlinfw.org/docs/basics/introduction.html},
    note = {Accessed: 2025-04-27}
}
    
@inproceedings{rust2022,
    author = {Ayers, Hudson and Laufer, Evan and Mure, Paul and Park, Jaehyeon and Rodelo, Eduardo and Rossman, Thea and Pronin, Andrey and Levis, Philip and Van Why, Johnathan},
    title = {Tighten rust’s belt: shrinking embedded Rust binaries},
    year = {2022},
    isbn = {9781450392662},
    publisher = {Association for Computing Machinery},
    address = {New York, NY, USA},
    url = {https://doi.org/10.1145/3519941.3535075},
    doi = {10.1145/3519941.3535075},
    booktitle = {Proceedings of the 23rd ACM SIGPLAN/SIGBED International Conference on Languages, Compilers, and Tools for Embedded Systems},
    pages = {121–132},
    numpages = {12},
    location = {San Diego, CA, USA},
    series = {LCTES 2022}
}

@book{cppdesign,
    author = {Bjarne Stroustrup},
    title = {The Design and Evolution of C++},
    year = {1994},
    publisher = {Addison-Wesley}
}

@inproceedings{pappas2024semantic,
author = {Pappas, Brent and Gazzillo, Paul},
title = {Semantic Analysis of Macro Usage for Portability},
year = {2024},
isbn = {9798400702174},
publisher = {Association for Computing Machinery},
address = {New York, NY, USA},
url = {https://doi.org/10.1145/3597503.3623323},
doi = {10.1145/3597503.3623323},
booktitle = {Proceedings of the IEEE/ACM 46th International Conference on Software Engineering},
location = {Lisbon, Portugal},
series = {ICSE '24}
}

@misc{dagger2,
    author = {Gregory Kick},
    title = {Dagger Framework},
    year = {2025},
    howpublished = {https://dagger.dev},
    note = {Accessed: 2025-04-27}
}

@book{schaefer2008guice,
  title={Google Guice: Agile Lightweight Dependency Injection Framework},
  author={Schaefer, Robbie Vanbrabant},
  year={2008},
  publisher={Apress}
}

@inproceedings{bauer2021novt,
  author={Bauer, Markus and Rossow, Christian},
  booktitle={2021 IEEE European Symposium on Security and Privacy (EuroS\&P)}, 
  title={NoVT: Eliminating C++ Virtual Calls to Mitigate Vtable Hijacking}, 
  year={2021},
  pages={650-666},
  doi={10.1109/EuroSP51992.2021.00049}}

@article{ernst2002empirical,
author = {Ernst, Michael D. and Badros, Greg J. and Notkin, David},
title = {An Empirical Analysis of C Preprocessor Use},
year = {2002},
issue_date = {December 2002},
publisher = {IEEE Press},
volume = {28},
number = {12},
issn = {0098-5589},
doi = {10.1109/TSE.2002.1158288},
journal = {IEEE Trans. Softw. Eng.},
month = dec,
pages = {1146–1170},
numpages = {25},
}

@phdthesis{juhasz2023modern,
  title={Modern C++ in embedded systems-Utilization of modern C++ language features for creating zero-overhead firmware architectures for resource-constrained embedded systems},
  author={Juh{\'a}sz, Marcell Ferenc},
  year={2023},
  school={Institute of Computer Technology, Technische Universit{\"a}t Wien},
  location={Vienna, Austria}
}

@inproceedings{schuster2015,
  author={Schuster, Felix and Tendyck, Thomas and Liebchen, Christopher and Davi, Lucas and Sadeghi, Ahmad-Reza and Holz, Thorsten},
  booktitle={2015 IEEE Symposium on Security and Privacy}, 
  title={Counterfeit Object-oriented Programming: On the Difficulty of Preventing Code Reuse Attacks in C++ Applications}, 
  year={2015},
  volume={},
  number={},
  pages={745-762},
  doi={10.1109/SP.2015.51}
}

@book{scott2016plp,
  author    = {Michael L. Scott},
  title     = {Programming Language Pragmatics},
  edition   = {4},
  year      = {2016},
  publisher = {Morgan Kaufmann},
  address   = {Boston, MA},
  isbn      = {9780124104099}
}


@book{kormanyos2014realtime,
  author    = {Christopher Kormanyos},
  title     = {Real-Time C++: Efficient Object-Oriented and Template Microcontroller Programming},
  edition   = {2},
  year      = {2014},
  publisher = {Springer},
  doi       = {10.1007/978-3-319-01418-2}
}

@book{seemann2019dependency,
  author    = {Mark Seemann and Steven van Deursen},
  title     = {Dependency Injection Principles, Practices, and Patterns},
  year      = {2019},
  publisher = {Manning Publications},
  isbn      = {9781617294730}
}

@inproceedings{lattner2004llvm,
  author    = {Chris Lattner and Vikram Adve},
  title     = {LLVM: A Compilation Framework for Lifelong Program Analysis \& Transformation},
  booktitle = {Proceedings of the 2004 International Symposium on Code Generation and Optimization (CGO)},
  year      = {2004},
  pages     = {75--86},
  doi       = {10.1109/CGO.2004.1281665}
}

@book{muchnick1997advanced,
  author    = {Steven S. Muchnick},
  title     = {Advanced Compiler Design and Implementation},
  year      = {1997},
  publisher = {Morgan Kaufmann},
  isbn      = {9781558603202}
}

@book{cooper2021compiler,
  author    = {Keith D. Cooper and Linda Torczon},
  title     = {Engineering a Compiler},
  edition   = {3},
  year      = {2021},
  publisher = {Morgan Kaufmann},
  isbn      = {9780128154120}
}

@book{fowler2004,
  author    = {Martin Fowler},
  title     = {Inversion of Control Containers and the Dependency Injection pattern},
  year      = {2004},
  howpublished = {\url{https://martinfowler.com/articles/injection.html}},
  note = {Accessed: 2025-06-08.},
  publisher = {martinfowler.com},
}

@book{vandevoorde2018,
  author    = {David Vandevoorde and Nicolai M. Josuttis and Douglas Gregor},
  title     = {C++ Templates: The Complete Guide},
  edition   = {2nd},
  publisher = {Addison-Wesley Professional},
  year      = {2018},
  isbn      = {9780321714121}
}

@misc{boostdi2018,
  author       = {Kris Jusiak},
  title        = {{boost-ext.di}: C++14 Dependency Injection Library},
  howpublished = {\url{https://github.com/boost-ext/di}},
  note = {Accessed: 2025-05-20},
  year         = {2018}
}

@misc{robcmp,
  author       = {Thiago Borges de Oliveira},
  title        = {Robotis Language: A prototype language for embedded systems with compile-time dependency injection},
  year         = {2023},
  howpublished = {\url{https://github.com/thborges/robcmp}},
  note = {Accessed: 2025-06-08}
}

@misc{atmel328p,
  title        = {{ATmega328P} Datasheet: 8-bit AVR Microcontroller with 32K Bytes In-System Programmable Flash},
  author       = {{Microchip Technology Inc.}},
  year         = {2015},
  organization = {Microchip Technology},
  howpublished = {\url{https://ww1.microchip.com/downloads/en/DeviceDoc/Atmel-7810-Automotive-Microcontrollers-ATmega328P_Datasheet.pdf}},
  note = {Accessed: 2025-06-08}
}

@misc{ssd1306,
  title = {{SSD1306}: 128 x 64 Dot Matrix OLED/PLED Segment/Common Driver with Controller},
  author = {{Solomon Systech Limited}},
  year = {2008},
  organization = {Solomon Systech},
  howpublished = {\url{https://cdn-shop.adafruit.com/datasheets/SSD1306.pdf}},
  note = {Accessed: 2025-04-02}
}

@article{garousi2019,
title = {A survey on software testability},
journal = {Information and Software Technology},
volume = {108},
pages = {35-64},
year = {2019},
issn = {0950-5849},
doi = {10.1016/j.infsof.2018.12.003},
author = {Vahid Garousi and Michael Felderer and Feyza Nur Kılıçaslan},
}

@inproceedings{damasio2021,
author = {Dam\'{a}sio, Tha\'{\i}s and Pacheco, Vin\'{\i}cius and Goes, Fabr\'{\i}cio and Pereira, Fernando and Rocha, Rodrigo},
title = {Inlining for Code Size Reduction},
year = {2021},
isbn = {9781450390620},
publisher = {Association for Computing Machinery},
address = {New York, NY, USA},
doi = {10.1145/3475061.3475081},
booktitle = {Proceedings of the 25th Brazilian Symposium on Programming Languages},
pages = {17–24},
numpages = {8},
keywords = {LTO., Function Inlining, Code Size},
location = {Joinville, Brazil},
series = {SBLP '21}
}

@inproceedings{10.1145/3475061.3475088,
author = {Kaplan, Leonardo and Ierusalimschy, Roberto},
title = {Evaluating Optimizations for a High-Level Language},
year = {2021},
isbn = {9781450390620},
publisher = {Association for Computing Machinery},
address = {New York, NY, USA},
url = {https://doi.org/10.1145/3475061.3475088},
doi = {10.1145/3475061.3475088},
booktitle = {Proceedings of the 25th Brazilian Symposium on Programming Languages},
pages = {25–32},
numpages = {8},
location = {Joinville, Brazil},
series = {SBLP '21}
}

@inproceedings{wegman1985,
author = {Wegman, Mark N. and Zadeck, Frank Kenneth},
title = {Constant propagation with conditional branches},
year = {1985},
isbn = {0897911474},
publisher = {Association for Computing Machinery},
address = {New York, NY, USA},
doi = {10.1145/318593.318659},
booktitle = {Proceedings of the 12th ACM SIGACT-SIGPLAN Symposium on Principles of Programming Languages},
pages = {291–299},
numpages = {9},
location = {New Orleans, Louisiana, USA},
series = {POPL '85}
}

@article{varoumas2023,
title = {Programming microcontrollers through high-level abstractions: The OMicroB project},
journal = {Journal of Computer Languages},
volume = {77},
pages = {101228},
year = {2023},
issn = {2590-1184},
doi = {https://doi.org/10.1016/j.cola.2023.101228},
author = {Steven Varoumas and Basile Pesin and Benoît Vaugon and Emmanuel Chailloux},
keywords = {Microcontrollers, Virtual machine, High-level programming, OCaml, Functors, Synchronous programming},
}

